@BOOK{hsa_birds,
  TITLE = {Birds of Hamilton and Surrounding Areas},
  AUTHOR = {Curry, Robert},
  YEAR = {2006},
  PUBLISHER = {Heidy Lawrance Associates},
  URL = {http://hamiltonnature.org/publications/birds-of-hamilton/}
}