@BOOK{hsa_birds,
  TITLE = {Birds of Hamilton and Surrounding Areas},
  AUTHOR = {Curry, Robert},
  YEAR = {2006},
  PUBLISHER = {Heidy Lawrance Associates},
  URL = {http://hamiltonnature.org/publications/birds-of-hamilton/}
}


@BOOK{pp_birds,
  TITLE = {Birding at Point Pelee : a birder's history of one of Canada's most famous birding spots},
  AUTHOR = {O'Neill, Henrietta},
  YEAR = {2006},
  PUBLISHER = {James Lorimer & Company Ltd}
}